## Machine Learning algorithms ####################################################################





## Scanpath comparison ####################################################################

@article{needleman1970general,
  title={A general method applicable to the search for similarities in the amino acid sequence of two proteins},
  author={Needleman, Saul B and Wunsch, Christian D},
  journal={Journal of molecular biology},
  volume={48},
  number={3},
  pages={443--453},
  year={1970},
  publisher={Elsevier}
}


@inproceedings{CristinoEtAl2010,
   author              = {Filipe Cristino and 
                          Sebastian Math{\^o}t and 
                          Jan Theeuwes and 
                          Iain D. Gilchrist},
   title               = {ScanMatch: A novel method for comparing fixation sequences},
   journal             = {Behavior Research Methods},
   year                = {2010},
   pages               = {692},
}



@article{dewhurst2012depends,
  title={It depends on how you look at it: Scanpath comparison in multiple dimensions with MultiMatch, a vector-based approach},
  author={Dewhurst, Richard and Nystr{\"o}m, Marcus and Jarodzka, Halszka and Foulsham, Tom and Johansson, Roger and Holmqvist, Kenneth},
  journal={Behavior research methods},
  volume={44},
  number={4},
  pages={1079--1100},
  year={2012},
  publisher={Springer}
}

@inproceedings{DBLP:conf/icann/TafajKKRB13,
  author    = {Enkelejda Tafaj and
               Thomas C. K{\"u}bler and
               Gjergji Kasneci and
               Wolfgang Rosenstiel and
               Martin Bogdan},
  title     = {Online Classification of Eye Tracking Data for Automated
               Analysis of Traffic Hazard Perception},
  booktitle = {ICANN},
  year      = {2013},
  pages     = {442-450},
  ee        = {http://dx.doi.org/10.1007/978-3-642-40728-4_56},
  crossref  = {DBLP:conf/icann/2013},
  bibsource = {DBLP, http://dblp.uni-trier.de}
}

@inproceedings{SubsMatch,
               author = {T. K{\"u}bler, E. Kasneci, W. Rosenstiel},
               title = {SubsMatch: Scanpath Similarity in Dynamic Scenes based on Subsequence Frequencies},
               booktitle = {Proceedings of the 8th Symposium on Eye Tracking Research and Applications, ETRA 2014},
               year = {2014},
               month = {03},
               pages = {319-322},
}







@inproceedings{DBLP:conf/etra/KasneciKKR14,
  author    = {Enkelejda Kasneci and
               Gjergji Kasneci and
               Thomas C. K{\"u}bler and
               Wolfgang Rosenstiel},
  title     = {The applicability of probabilistic methods to the online
               recognition of fixations and saccades in dynamic scenes},
  booktitle = {ETRA},
  year      = {2014},
  pages     = {323-326},
  ee        = {http://doi.acm.org/10.1145/2578153.2578213},
  crossref  = {DBLP:conf/etra/2014},
  bibsource = {DBLP, http://dblp.uni-trier.de}
}

@inproceedings{EGTW032014,
               author = {E. Kasneci, G. Kasneci, T. K{\"u}bler, W. Rosenstiel},
               title = {The Applicability of Probabilistic Methods to the Online Recognition of Fixations and Saccades in Dynamic Scenes},
               booktitle = {Proceedings of the 8th Symposium on Eye Tracking Research and Applications, ETRA 2014},
               year = {2014},
               month = {03},
               pages = {323-326},
}


## other  ####################################################################

# handwriting recognition
@inproceedings{nag1986script,
  title={Script recognition using hidden Markov models},
  author={Nag, R and Wong, K and Fallside, Frank},
  booktitle={Acoustics, Speech, and Signal Processing, IEEE International Conference on ICASSP'86.},
  volume={11},
  pages={2071--2074},
  year={1986},
  organization={IEEE}
}